
@unpublished{bib-WikiBiblio,
  author = "Wikipédia",
  title =  "Toutes les notes bibliograhiques et historiques de ce document",
  %JOURNAL = "Wiki"
  }

@unpublished{bib-Joly,
  author = "Patrick Joly",
  title =  "Introduction au calcul scientifique pour les EDP de la physique",
  JOURNAL = "INRIA-Rocquencourt"}

@unpublished{bib-Blayo,
  author = "Eric Blayo",
  year = "2010",
  title =  "Notes de cours sur la méthode des éléments finis",
  JOURNAL = "M1"}

@unpublished{bib-WikiMEF,
  author = "Wikipédia",
  title =  "Méthode des éléments finis",
  %JOURNAL = "Wiki"
  }

@unpublished{bib-WikiEDP,
  author = "Wikipédia",
  title =  "Équations aux dérivées partielles",
  %JOURNAL = "Wiki"
  }

@unpublished{bib-WikiFFaible,
  author = "Wikipédia",
  title =  "Formulation faible",
  %JOURNAL = "Wiki"
  }

@unpublished{bib-WikiFFaible,
  author = "Wikipédia",
  title =  "Formulation variationnelle",
  %JOURNAL = "Wiki"
  }

@misc{bib-ChampanayModel,
  author = "Laurent Champanay",
  title =  "Étude d'une pièce parallélépipédique: comparaison de formulations et d'éléments",
  note = "Ecole Normale Supérieure de Cachan"}

@misc{bib-LiLp,
  author = "Daniel Li",
  year = "2011",
  title =  "Mesure et Intégration: Espaces $L^p$",
  note = "Université d'Artois; Faculté des Sciences Jean Perrin"
}

@unpublished{bib-WikiLp,
  author = "Wikipédia",
  title =  "Espace $L^p$",
  }

@unpublished{bib-BoyerAN,
  author = "Franck Boyer",
  year = "2011",
  title =  "Analyse numérique des équations aux dérivées partielles elliptiques",
  note= "Aix-Marseille universités, Master 2: Mathématiques et Applications"
  }

@misc{bib-PopierEFonc,
  author = "Alexandre Popier",
  title =  "Espaces fonctionnels: un peu de topologie",
  note= "Université du Maine",
  howpublished = "lalala"
  }

@book{bib-AllaireAN,
  author = "Grégoire Allaire",
  year = "2007",
  title =  "Analyse numérique et optimisation",
  EDITION = "Éditions de l'école polytechnique"
  }

@book{bib-Washizu,
  author = "K. Washizu",
  year = "1982",
  title =  "Variational methods in elasticity and plasticity",
  publisher = "Pergamon Press"}

@PHDTHESIS{Lit-vm-these,
  author = "Vincent Manet",
  month = "juillet",
  year = 1998,
  title = "Méthodes d'analyse par éléments finis des contraintes aux interfaces dans les structures sandwich",
  school = "Université Blaise Pascal; Clermont II"
  }

@book{bib-Schwartz1,
  author = "Laurent Schwartz",
  year = "1992",
  title =  "Analyse I: Théorie des ensembles et Topologie",
  publisher = "Hermann"
  }

@book{bib-Schwartz2,
  author = "Laurent Schwartz",
  year = "1992",
  title =  "Analyse II: Calcul différentiel et équations différentielles",
  publisher = "Hermann"
  }

@book{bib-Schwartz3,
  author = "Laurent Schwartz",
  year = "1992",
  title =  "Analyse III: Calcul intégral",
  publisher = "Hermann"
  }

@book{bib-Kato,
  author = "Tosio Kato",
  year = "1995",
  title =  "Perturbation Theory for Linear Operators",
  publisher = "Classics in Mathematics, Springer"
  }

@book{bib-Golub,
  author = "Gene Golub and Charles van Loan",
  year = "1996",
  title =  "Matrix Computations",
  edition = "3",
  publisher = "Johns Hopkins University Press"
  }

@book{bib-BatozDhatt,
  author = "Jean-Louis Batoz and Gouri Dhatt",
  year = "1995",
  title =  "Modélisation des structures par éléments finis",
  volume = "1",
  subtitle = "Solides élastiques",
  publisher = "Hermes"
  }

@misc{bib-Pana,
  author = "Grigory Panasenko",
  year = "1996",
  title =  "Cours d'homogénéisation",
  note = "DEA Analyse numérique, EDP et calcul scientifique"
  }

@misc{bib-Maitre,
  author = "Jean-François Maitre",
  year = "1996",
  title =  "Cours d'éléments finis",
  note = "DEA Analyse numérique, EDP et calcul scientifique"
  }

@misc{bib-Pouson,
  author = "Jérôme Pousin",
  year = "1996",
  title =  "Cours estimateurs d'erreurs et remaillage",
  note = "DEA Analyse numérique, EDP et calcul scientifique"
  }

@MISC{Lit-vm-dea,
  author = "Vincent Manet",
  month = "juillet",
  year = 1995,
  title = "Spectral Method applied to the Dynamic Calculation of Structures under Stochastic Loads", 
  howpublished = "Rapport de D.E.A. Matériaux, Structure, Fiabilité",
  note = "Université Blaise Pascal"
  }
  
  @PHDTHESIS{Lit-Chevreuil,
  author = "Mathilde Chevreuil",
  year = 2005,
  title = "Sur une nouvelle approche en calcul dynamique transitoire, incluant les basses et les moyennes fréquences",
  school = "ENS Cachan"}
