@ARTICLE {bib-WikiMEF,
  AUTHOR = "Wikipédia",
  YEAR = "",
  TITLE =  "Méthode des éléments finis",
  JOURNAL = "Wiki",
  keywords = {3}}
@ARTICLE {bib-Blayo3,
  AUTHOR = "Éric Blayo",
  YEAR = "2010",
  TITLE =  "Notes de cours sur la méthode des éléments finis",
  JOURNAL = "M1 Mathématiques Appliquées et Industrielles, Laboratoire Jean Kuntzmann, Inria",
  keywords = {3}}
@ARTICLE {bib-BoyerAN,
  AUTHOR = "Franck Boyer",
  YEAR = "2011",
  TITLE =  "Analyse numérique des EDP elliptiques",
  JOURNAL = "Aix-Marseille universités, M2 Mathématiques et Applications",
  keywords = {3}}
@PHDTHESIS{Lit-vm-these,
  author = "Vincent Manet",
  month = "17 juillet",
  year = 1998,
  title = "Méthodes d'analyse par éléments finis des contraintes aux
          interfaces dans les structures sandwich",
  school = "Univ. Blaise Pascal - Clermont II",
  keywords = {3}}
@BOOK {bib-BatozDhatt,
  AUTHOR = "{Jean-Louis} Batoz and Gouri Dhatt",
  YEAR = "1995",
  TITLE =  "Modélisation des structures par éléments finis. Vol. 1 -- solides élastiques",
  PUBLISHER = "Hermes",
  keywords = {3}}
@ARTICLE {bib-Pouson,
  AUTHOR = "{Jérôme} Pousin",
  YEAR = "1996",
  TITLE =  "Cours estimateurs d'erreurs et remaillage",
  JOURNAL = "DEA Analyse numérique, EDP et calcul scientifique; Univ Lyon 1 et St-Étienne, ECL, ENS Lyon",
  keywords = {3}}
@ARTICLE {bib-ChampanayModel,
  AUTHOR = "Laurent Champaney",
  TITLE =  "Étude d'une pièce parallélépipédique: comparaison de formulations et d'éléments",
  JOURNAL = "ENS Cachan;  Département de génie mécanique, Laboratoire de mécanique et technologie",
  keywords = {3}}
@ARTICLE {bib-Wikihom,
  AUTHOR = "Wikipédia",
  TITLE =  "Théories des milieux effectifs",
  JOURNAL = "Wiki",
  keywords = {3}}
@ARTICLE {bib-Pana,
  AUTHOR = "Grigory Panasenko",
  YEAR = "1996",
  TITLE =  "Cours d'homogénéisation",
  JOURNAL = "DEA Analyse numérique, EDP et calcul scientifique; Univ Lyon 1 et St-Étienne, ECL, ENS Lyon",
  keywords = {3}}
@ARTICLE {bib-MultEch,
  AUTHOR = "???",
  YEAR = "",
  TITLE =  "La simulation multi-échelles",
  JOURNAL = "ENS Cachan",
  keywords = {3}}
@ARTICLE {bib-Naceur2,
  AUTHOR = "Hakim Naceur",
  YEAR = "2012",
  TITLE =  "Modélisation de la rupture en dynamique rapide",
  JOURNAL = "Univ. de Valenciennes et du Hainaut Cambrésis",
  keywords = {3}}
@ARTICLE {bib-Naceur,
  AUTHOR = "Hakim Naceur",
  YEAR = "2011",
  TITLE =  "Mécanique de la rupture",
  JOURNAL = "ENSIAME - Univ. de Valenciennes et du Hainaut Cambrésis",
  keywords = {3}}
@ARTICLE {bib-Bassville,
  AUTHOR = "{Stéphanie} Basseville",
  YEAR = "2005-2006",
  TITLE =  "Méthodes de résolutions en éléments finis",
  JOURNAL = "École Nationale Supérieure des Mines de Paris, Enseignement spécialisé «Éléments finis» S3733-S3735",
  keywords = {3}}
@ARTICLE {bib-Chaussedent,
  AUTHOR = "{Stéphane} Chaussedent",
  YEAR = "",
  TITLE =  "Mécanique des milieux continus",
  JOURNAL = "NUMEPhy, Univ. du Maine, Le mans",
  keywords = {3}}
@ARTICLE {bib-Feng,
  AUTHOR = "{Zhi-Qiang} Feng",
  YEAR = "",
  TITLE =  "Mécanique non linéaire M2-MN91",
  JOURNAL = "UFR Science et Technologies, Univ. d'Evry Val d'Essonne",
  keywords = {3}}
@ARTICLE {bib-ChampSing,
  AUTHOR = "Laurent Champaney",
  YEAR = "",
  TITLE =  "Simulation par éléments finis - attention aux singularités",
  JOURNAL = "ENS Cachan",
  keywords = {3}}
@ARTICLE {bib-LosA,
  AUTHOR = "Shiyi Chen and Gary D. Doolen and Kenneth G. Eggert",
  YEAR = "1994",
  TITLE =  "Lattice-Boltzmann Fluid Dynamics: a versatile tool for multiphase and other complicated flows",
  JOURNAL = "Los Alamos Science Number 22",
  keywords = {3}}
@ARTICLE {bib-Tsotsis,
  AUTHOR = "T.K. Tsotsis and S.M. Lee",
  YEAR = "1998",
  TITLE =  "Long-term thermo-oxidative aging in composite materials: failure mechanisms",
  JOURNAL = "Composites Science and Technologie",
  VOLUME = "58",
  PAGES = "355-368",
  keywords = {3}}
@ARTICLE {bib-Tai,
  AUTHOR = "N.H. Tai and C.C.M. Ma and J.M. Lin and G.Y. Wu",
  YEAR = "1999",
  TITLE =  "Effects of thickness on the fatigue behavior of quasi-isotropic carbon/epoxy composites before and after low-energy impacts,",
  JOURNAL = "Composites Science and Technologie",
  VOLUME = "59",
  NUMNER = "11",
  PAGES = "1753-1762",
  keywords = {3}}
@PHDTHESIS{Lit-Saad,
  author = "Patricia Saad",
  year = 2003,
  title = "Modélisation et identification du comportement non linéaire des cales en caoutchouc",
  school = "École Centrale de Lyon",
  keywords = {3}}
@PHDTHESIS{Lit-Rethore,
  author = "Julien Réthoré",
  year = 2005,
  title = "Méthode éléments finis étendus en espace et en temps: application à la propagation dynamique des fissures",
  school = "INSA Lyon",
  keywords = {3}}
@PHDTHESIS{Lit-Chevreuil,
  author = "Mathilde Chevreuil",
  year = 2005,
  title = "Sur une nouvelle approche en calcul dynamique transitoire, incluant les basses et les moyennes fréquences",
  school = "ENS Cachan",
  keywords = {3}}
@ARTICLE {bib-Bahlouli,
  AUTHOR = "Nadia Bahlouli",
  YEAR = "",
  TITLE =  "Cours Matériaux Composites",
  JOURNAL = "Univ. Strasbourg",
  keywords = {3}}
@ARTICLE {bib-CMAP,
  AUTHOR = "Centre de Mathématiques Appliquées (CMAP)",
  YEAR = "",
  TITLE =  "Exemples avec Freefem++",
  JOURNAL = "École Polytechnique",
  keywords = {3}}
@ARTICLE {bib-Fish,
  AUTHOR = "J.S. San Martin and J.-F. Scheid and T. Takahashi and M. Tucsnak",
  YEAR = "2008",
  TITLE =  "An initial and boundary value problem modeling fish-like swimming",
  JOURNAL = "Arch. Ration. Mech. Anal.",
  VOLUME = "188",
  NUMBER = "3",
  PAGES = "429-455",
  keywords = {3}}
@ARTICLE {bib-Dureisseix,
  AUTHOR = "David Dureisseix",
  YEAR = "10 janvier 2009",
  TITLE =  "Méthodes numériques appliquées à la conception par éléments finis",
  JOURNAL = "Archive CEL: cel-00351713",
  keywords = {3}}
@ARTICLE {bib-Combescure,
  AUTHOR = "Didier Combescure",
  YEAR = "septembre 2006",
  TITLE =  "Éléments de dynamique des structures. Illustrations à l'aide de CAST3M",
  JOURNAL = "Site de Cast3M",
  keywords = {3}}
