@ARTICLE {bib-WikiEDP,
  AUTHOR = "Wikipédia",
  YEAR = "",
  TITLE =  "Équations aux dérivées partielles",
  JOURNAL = "Wiki",
  keywords = {2}}
@ARTICLE {bib-WikiFFaible,
  AUTHOR = "Wikipédia",
  YEAR = "",
  TITLE =  "Formulation faible",
  JOURNAL = "Wiki",
  keywords = {2}}
@ARTICLE {bib-WikiFVaria,
  AUTHOR = "Wikipédia",
  YEAR = "",
  TITLE =  "Formulation variationnelle",
  JOURNAL = "Wiki",
  keywords = {2}}
@ARTICLE {bib-Scheid,
  AUTHOR = "{Jean-François} Scheid",
  YEAR = "Cours de Master 2 Mathématiques (Recherche) 2005-2006",
  TITLE =  "Analyse numérique des équations de Navier-Stokes",
  JOURNAL = "Institut E.Cartan U.M.R. 7502, Univ. H. Poincaré Nancy 1",
  keywords = {2}}
@ARTICLE {bib-Scheid2,
  AUTHOR = "{Jean-François} Scheid",
  YEAR = "Cours de Master 2 IMOI option calculs scientifique 2011-2012",
  TITLE =  "méthodes numériques pour la dynamique des fluides",
  JOURNAL = "Institut E.Cartan U.M.R. 7502, Univ. H. Poincaré Nancy 1,
  keywords = {2}"}
@BOOK {bib-Washizu,
  AUTHOR = "Kyuichiro Washizu",
  YEAR = "1982",
  TITLE =  "Variational methods in elasticity and plasticity",
  PUBLISHER = "Pergamon Press",
  keywords = {2}}
@ARTICLE {bib-Maitre,
  AUTHOR = "{Jean-François} Maitre",
  YEAR = "1996",
  TITLE =  "Cours d'éléments finis",
  JOURNAL = "DEA Analyse numérique, EDP et calcul scientifique; Univ Lyon 1 et St-Étienne, ECL, ENS Lyon",
  keywords = {2}}
