@BOOK {bib-Schwartz1,
  AUTHOR = "Laurent Schwartz",
  YEAR = "1992",
  TITLE =  "Analyse I: Théorie des ensembles et Topologie",
  PUBLISHER = "Hermann",
  keywords = {1}}
@BOOK {bib-Schwartz2,
  AUTHOR = "Laurent Schwartz",
  YEAR = "1992",
  TITLE =  "Analyse II: Calcul différentiel et équations différentielles",
  PUBLISHER = "Hermann",
  keywords = {1}}
@BOOK {bib-Schwartz3,
  AUTHOR = "Laurent Schwartz",
  YEAR = "1992",
  TITLE =  "Analyse III: Calcul intégral",
  PUBLISHER = "Hermann",
  keywords = {1}}
@BOOK {bib-Kato,
  AUTHOR = "Tosio Kato",
  YEAR = "1995 (reprint de 1980)",
  TITLE =  "Perturbation Theory for Linear Operators",
  PUBLISHER = "Classics in Mathematics, Springer",
  keywords = {1}}
@ARTICLE {bib-PopierEFonc,
  AUTHOR = "Alexandre Popier",
  YEAR = "",
  TITLE =  "Espaces fonctionnels: un peu de topologie",
  JOURNAL = "Université du Maine, Le Mans",
  keywords = {1}}
@ARTICLE {bib-WikiLp,
  AUTHOR = "Wikipédia",
  YEAR = "",
  TITLE =  "Espace $L^p$",
  JOURNAL = "Wiki",
  keywords = {1}}
@ARTICLE {bib-LiLp,
  AUTHOR = "Daniel Li",
  YEAR = "2011",
  TITLE =  "Espaces $L^p$",
  JOURNAL = "Université d'Artois; Faculté des Sciences Jean Perrin; 
L3 Mathématiques-Informatique : Mesure et Intégration",
  keywords = {1}}
@ARTICLE {bib-Blayo,
  AUTHOR = "{Éric} Blayo",
  YEAR = "2010",
  TITLE =  "Notes de cours sur la méthode des éléments finis",
  JOURNAL = "M1 Mathématiques Appliquées et Industrielles, Laboratoire Jean Kuntzmann, Inria",
  keywords = {1}}
@BOOK {bib-AllaireAN,
  AUTHOR = "Grégoire Allaire",
  YEAR = "2007",
  TITLE =  "Analyse numérique et optilisation",
  PUBLISHER = "Eds de l'École Polytechnique",
  keywords = {1}}
@BOOK {bib-Hist,
  AUTHOR = "Amy Dahan-Dalmedico and Jeanne Peiffer",
  YEAR = "1986",
  TITLE =  "Une histoire des mathématiques. Routes et dédales",
  PUBLISHER = "Eds du Seuil",
  keywords = {1}}
