Un commentaire
@ARTICLE {bib-WikiBiblio,
  AUTHOR = "Wikip\'edia",
  YEAR = "",
  TITLE =  "Toutes les notes bibliograhiques et historiques de ce document",
  JOURNAL = "Wiki"}
@ARTICLE {bib-WikiMath,
  AUTHOR = "Wikip\'edia",
  YEAR = "",
  TITLE =  "Histoire des math\'ematiques",
  JOURNAL = "Wiki"}
@ARTICLE {bib-Jolu,
  AUTHOR = "Patrick Joly",
  YEAR = "",
  TITLE =  "Introduction au calcul scientifique pour les EDP de la physique",
  JOURNAL = "{\textsc{Inria}}-Rocquencourt"}
@BOOK {bib-Schwartz1,
  AUTHOR = "Laurent Schwartz",
  YEAR = "1992",
  TITLE =  "Analyse I: Th\'eorie des ensembles et Topologie",
  PUBLISHER = "Hermann"}
@BOOK {bib-Schwartz2,
  AUTHOR = "Laurent Schwartz",
  YEAR = "1992",
  TITLE =  "Analyse II: Calcul diff\'erentiel et \'equations diff\'erentielles",
  PUBLISHER = "Hermann"}
@BOOK {bib-Schwartz3,
  AUTHOR = "Laurent Schwartz",
  YEAR = "1992",
  TITLE =  "Analyse III: Calcul int\'egral",
  PUBLISHER = "Hermann"}
@BOOK {bib-Kato,
  AUTHOR = "Tosio Kato",
  YEAR = "1995 (reprint de 1980)",
  TITLE =  "Perturbation Theory for Linear Operators",
  PUBLISHER = "Classics in Mathematics, Springer"}
@ARTICLE {bib-PopierEFonc,
  AUTHOR = "Alexandre Popier",
  YEAR = "",
  TITLE =  "Espaces fonctionnels: un peu de topologie",
  JOURNAL = "Universit\'e du Maine, Le Mans"}
@ARTICLE {bib-WikiLp,
  AUTHOR = "Wikip\'edia",
  YEAR = "",
  TITLE =  "Espace $L^p$",
  JOURNAL = "Wiki"}
@ARTICLE {bib-LiLp,
  AUTHOR = "Daniel Li",
  YEAR = "2011",
  TITLE =  "Espaces $L^p$",
  JOURNAL = "Universit\'e d'Artois; Facult\'e des Sciences Jean Perrin; 
L3 Math\'ematiques-Informatique : Mesure et Int\'egration"}
@ARTICLE {bib-Blayo,
  AUTHOR = "{\'Eric} Blayo",
  YEAR = "2010",
  TITLE =  "Notes de cours sur la m\'ethode des \'el\'ements finis",
  JOURNAL = "M1 Math\'ematiques Appliqu\'ees et Industrielles, Laboratoire Jean Kuntzmann, Inria"}
@BOOK {bib-AllaireAN,
  AUTHOR = "Gr{\'e}goire Allaire",
  YEAR = "2007",
  TITLE =  "Analyse num\'erique et optilisation",
  PUBLISHER = "Eds de l'\'ecole polytechnique"}
@BOOK {bib-Hist,
  AUTHOR = "Amy Dahan-Dalmedico and Jeanne Peiffer",
  YEAR = "1986",
  TITLE =  "Une histoire des math{\'e}matiques. Routes et d{\'e}dales",
  PUBLISHER = "Eds du Seuil"}
@ARTICLE {bib-WikiEDP,
  AUTHOR = "Wikip{\'e}dia",
  YEAR = "",
  TITLE =  "{\'E}quations aux d{\'e}riv{\'e}es partielles",
  JOURNAL = "Wiki"}
@ARTICLE {bib-WikiFFaible,
  AUTHOR = "Wikip{\'e}dia",
  YEAR = "",
  TITLE =  "Formulation faible",
  JOURNAL = "Wiki"}
@ARTICLE {bib-WikiFVaria,
  AUTHOR = "Wikip{\'e}dia",
  YEAR = "",
  TITLE =  "Formulation variationnelle",
  JOURNAL = "Wiki"}
@ARTICLE {bib-Scheid,
  AUTHOR = "{Jean-Fran{\c c}ois} Scheid",
  YEAR = "Cours de Master 2 Math{\'e}matiques (Recherche) 2005-2006",
  TITLE =  "Analyse num{\'e}rique des {\'e}quations de Navier-Stokes",
  JOURNAL = "Institut E.Cartan U.M.R. 7502, Univ. H. Poinacr\'e Nancy 1"}
@ARTICLE {bib-Scheid2,
  AUTHOR = "{Jean-Fran{\c c}ois} Scheid",
  YEAR = "Cours de Master 2 IMOI option calculs scientifique 2011-2012",
  TITLE =  "m{\'e}thodes num{\'e}riques pour la dynamique des fluides",
  JOURNAL = "Institut E.Cartan U.M.R. 7502, Univ. H. Poinacr\'e Nancy 1"}
@BOOK {bib-Washizu,
  AUTHOR = "Kyuichiro Washizu",
  YEAR = "1982",
  TITLE =  "Variational methods in elasticity and plasticity",
  PUBLISHER = "Pergamon Press"}
@ARTICLE {bib-Maitre,
  AUTHOR = "{Jean-Fran{\c c}ois} Maitre",
  YEAR = "1996",
  TITLE =  "Cours d'{\'e}l{\'e}ments finis",
  JOURNAL = "DEA Analyse num{\'e}rique, EDP et calcul scientifique; Univ Lyon 1 et St-Etienne, ECL, ENS Lyon"}
@ARTICLE {bib-WikiMEF,
  AUTHOR = "Wikip\'edia",
  YEAR = "",
  TITLE =  "M\'ethode des \'el\'ements finis",
  JOURNAL = "Wiki"}
@ARTICLE {bib-Blayo3,
  AUTHOR = "{\'Eric} Blayo",
  YEAR = "2010",
  TITLE =  "Notes de cours sur la m\'ethode des \'el\'ements finis",
  JOURNAL = "M1 Math\'ematiques Appliqu\'ees et Industrielles, Laboratoire Jean Kuntzmann, Inria"}
@ARTICLE {bib-BoyerAN,
  AUTHOR = "Franck Boyer",
  YEAR = "2011",
  TITLE =  "Analyse num\'erique des EDP elliptiques",
  JOURNAL = "Aix-Marseille universit\'es, M2 Math\'ematiques et Applications"}
@PHDTHESIS{Lit-vm-these,
  author = "Vincent Manet",
  month = "17 juillet",
  year = 1998,
  title = "M{\'e}thodes d'analyse par {\'e}l{\'e}ments finis des contraintes aux
          interfaces dans les structures sandwich",
  school = "Univ. Blaise Pascal - Clermont II"}
@BOOK {bib-BatozDhatt,
  AUTHOR = "{Jean-Louis} Batoz and Gouri Dhatt",
  YEAR = "1995",
  TITLE =  "Mod\'elisation des structures par \'el\'ements finis. Vol. 1 -- solides \'elastiques",
  PUBLISHER = "Hermes"}
@ARTICLE {bib-Pouson,
  AUTHOR = "{J\'er\^ome} Pousin",
  YEAR = "1996",
  TITLE =  "Cours estimateurs d'erreurs et remaillage",
  JOURNAL = "DEA Analyse num\'erique, EDP et calcul scientifique; Univ Lyon 1 et St-Etienne, ECL, ENS Lyon"}
@ARTICLE {bib-ChampanayModel,
  AUTHOR = "Laurent Champaney",
  TITLE =  "\'Etude d'une pi\`ece parall\'el\'epip\'edique: comparaison de formulations et d'\'el\'ements",
  JOURNAL = "ENS Cachan;  D\'epart. g\'enie m\'ecanique, Laboratoire de m\'ecanique et technologie"}
@ARTICLE {bib-Wikihom,
  AUTHOR = "Wikip\'edia",
  TITLE =  "th\'eories des milieux effectifs",
  JOURNAL = "Wiki"}
@ARTICLE {bib-Pana,
  AUTHOR = "Grigory Panasenko",
  YEAR = "1996",
  TITLE =  "Cours d'homog\'en\'eisation",
  JOURNAL = "DEA Analyse num\'erique, EDP et calcul scientifique; Univ Lyon 1 et St-Etienne, ECL, ENS Lyon"}
@ARTICLE {bib-MultEch,
  AUTHOR = "???",
  YEAR = "",
  TITLE =  "La simulation multi-\'echelles",
  JOURNAL = "ENS Cachan"}
@ARTICLE {bib-Naceur2,
  AUTHOR = "Hakim Naceur",
  YEAR = "2012",
  TITLE =  "Mod\'elisation de la rupture en dynamique rapide",
  JOURNAL = "Univ. de Valenciennes et du Hainaut Cambr\'esis"}
@ARTICLE {bib-Naceur,
  AUTHOR = "Hakim Naceur",
  YEAR = "2011",
  TITLE =  "M\'ecanique de la rupture",
  JOURNAL = "ENSIAME - Univ. de Valenciennes et du Hainaut Cambr\'esis"}
@ARTICLE {bib-Bassville,
  AUTHOR = "{St\'ephanie} Basseville",
  YEAR = "2005-2006",
  TITLE =  "M\'ethodes de r\'esolutions en \'el\'ements finis",
  JOURNAL = "\'Ecole Nationale Sup\'erieure des Mines de Paris, Enseignement sp\'ecialis\'e \og \'El\'ements finis\fg S3733-S3735"}
@ARTICLE {bib-Chaussedent,
  AUTHOR = "{St\'ephane} Chaussedent",
  YEAR = "",
  TITLE =  "M\'ecanique des milieux continus",
  JOURNAL = "NUMEPhy, Univ. du Maine, Le mans"}
@ARTICLE {bib-Feng,
  AUTHOR = "{Zhi-Qiang} Feng",
  YEAR = "",
  TITLE =  "M\'ecanique non lin\'eaire M2-MN91",
  JOURNAL = "UFR Science et Technologies, Univ. d'Evry Val d'Essonne"}
@ARTICLE {bib-ChampSing,
  AUTHOR = "Laurent Champaney",
  YEAR = "",
  TITLE =  "Simulation par \'el\'ements finis - attention aux singularit\'es",
  JOURNAL = "ENS Cachan"}
@ARTICLE {bib-LosA,
  AUTHOR = "Shiyi Chen and Gary D. Doolen and Kenneth G. Eggert",
  YEAR = "1994",
  TITLE =  "Lattice-Boltzmann Fluid Dynamics: a versatile tool for multiphase and other complicated flows",
  JOURNAL = "Los Alamos Science Number 22"}
@ARTICLE {bib-Tsotsis,
  AUTHOR = "T.K. Tsotsis and S.M. Lee",
  YEAR = "1998",
  TITLE =  "Long-term thermo-oxidative aging in composite materials: failure mechanisms",
  JOURNAL = "Composites Science and Technologie",
  VOLUME = "58",
  PAGES = "355-368"}
@ARTICLE {bib-Tai,
  AUTHOR = "N.H. Tai and C.C.M. Ma and J.M. Lin and G.Y. Wu",
  YEAR = "1999",
  TITLE =  "ffects of thickness on the fatigue behavior of quasi-isotropic carbon/epoxy composites before and after low-energy impacts,",
  JOURNAL = "Composites Science and Technologie",
  VOLUME = "59",
  NUMNER = "11",
  PAGES = "1753-1762"}
@PHDTHESIS{Lit-Saad,
  author = "Patricia Saad",
  year = 2003,
  title = "Mod\'elisation et identification du comportement non lin\'eaire des cales en caoutchouc",
  school = "{\'E}cole Centrale de Lyon"}
@PHDTHESIS{Lit-Rethore,
  author = "Julien R\'ethor\'e",
  year = 2005,
  title = "M{\'e}thode {\'e}l{\'e}ments finis {\'e}tendus en espace et en temps: application {\`a} la propagation dynamique des fissures",
  school = "INSA Lyon"}
@PHDTHESIS{Lit-Chevreuil,
  author = "Mathilde Chevreuil",
  year = 2005,
  title = "Sur une nouvelle approche en calcul dynamique transitoire, incluant les basses et les moyennes fr\'equences",
  school = "ENS Cachan"}
@ARTICLE {bib-Bahlouli,
  AUTHOR = "Nadia Bahlouli",
  YEAR = "",
  TITLE =  "Cours Mat\'eriaux Composites",
  JOURNAL = "Univ. Strasbourg"}
@ARTICLE {bib-CMAP,
  AUTHOR = "Centre de Math\'ematiques Appliqu\'ees (CMAP)",
  YEAR = "",
  TITLE =  "Exemples avec Freefemm++",
  JOURNAL = "{\'E}cole Polytechnique"}
@ARTICLE {bib-Fish,
  AUTHOR = "J.S. San Martin and J.-F. Scheid and T. Takahashi and M. Tucsnak",
  YEAR = "2008",
  TITLE =  "An initial and boundary value problem modeling fish-like swimming",
  JOURNAL = "Arch. Ration. Mech. Anal.",
  VOLUME = "188",
  NUMBER = "3",
  PAGES = "429-455"}
@ARTICLE {bib-Dureisseix,
  AUTHOR = "David Dureisseix",
  YEAR = "10 janvier 2009",
  TITLE =  "M{\'e}thodes num{\'e}riques appliqu{\'e}es {\`a} la conception par {\'e}l{\'e}ments finis",
  JOURNAL = "Archive CEL: cel-00351713"}
@ARTICLE {bib-Combescure,
  AUTHOR = "Didier Combescure",
  YEAR = "septembre 2006",
  TITLE =  "{\'E}l{\'e}ments de dynamique des structures. Illustrations {\`a} l'aide de CAST3M",
  JOURNAL = "Site de Cast3M"}
@ARTICLE {bib-WikiNCotes,
  AUTHOR = "Wikip\'edia",
  TITLE =  "Formule de Newton-Cotes",
  JOURNAL = "Wiki"}
@ARTICLE {bib-WikiGauss,
  AUTHOR = "Wikip\'edia",
  TITLE =  "M\'ethodes de quadrature de Gauss",
  JOURNAL = "Wiki"}
@ARTICLE {bib-Dysli,
  AUTHOR = "Michel Dysli",
  TITLE =  "B3-5 Introduction aux \'el\'ements finis",
  JOURNAL = "\'Ecole polytechnique f\'ed\'erale de Lausanne; cycle postgrade: g\'eologie appliqu\'ee \`a
l'ing\'enierie et \`a l'environnement"}
@ARTICLE {bib-Champ2,
  AUTHOR = "Laurent Champaney",
  TITLE =  "Probl\`emes sp\'ecifiques \`a la m\'ethode des \'el\'ements finis",
  JOURNAL = "ENS Cachan;  D\'epart. g\'enie m\'ecanique, Laboratoire de m\'ecanique et technologie"}
@ARTICLE {bib-BlayoA,
  AUTHOR = "{\'Eric} Blayo",
  YEAR = "2010",
  TITLE =  "Notes de cours sur la m\'ethode des \'el\'ements finis",
  JOURNAL = "M1 Math\'ematiques Appliqu\'ees et Industrielles, Laboratoire Jean Kuntzmann, Inria"}
@BOOK {bib-Golub,
  AUTHOR = "{Gene H.} Golub and {Charles F.} van Loan",
  YEAR = "1996",
  TITLE =  "Matrix Computations, 3e ed",
  PUBLISHER = "Johns Hopkins University Press"}
@MISC{Lit-vm-dea,
  author = "Vincent Manet",
  month = "20 juillet",
  year = 1995,
  title = "Spectral Method applied to the Dynamic Calculation of Structures
          under Stochastic Loads",
  howpublished = "Rapport de D.E.A. Mat{\'e}riaux, Structure, Fiabilit{\'e},
                 Universit{\'e} Blaise Pascal -- Clermont II"}
