@ARTICLE {bib-WikiBiblio,
  AUTHOR = "Wikipédia",
  YEAR = "",
  TITLE =  "Toutes les notes bibliograhiques et historiques de ce document",
  JOURNAL = "Wiki",
  keywords = {0}}
@ARTICLE {bib-WikiMath,
  AUTHOR = "Wikipédia",
  YEAR = "",
  TITLE =  "Histoire des math\'ematiques",
  JOURNAL = "Wiki",
  keywords = {0}}
@ARTICLE {bib-Jolu,
  AUTHOR = "Patrick Joly",
  YEAR = "",
  TITLE =  "Introduction au calcul scientifique pour les EDP de la physique",
  JOURNAL = "{\textsc{Inria}}-Rocquencourt",
  keywords = {0}}
