@ARTICLE {bib-WikiNCotes,
  AUTHOR = "Wikipédia",
  TITLE =  "Formule de Newton-Cotes",
  JOURNAL = "Wiki",
  keywords = {A}}
@ARTICLE {bib-WikiGauss,
  AUTHOR = "Wikipédia",
  TITLE =  "Méthodes de quadrature de Gauss",
  JOURNAL = "Wiki",
  keywords = {A}}
@ARTICLE {bib-Dysli,
  AUTHOR = "Michel Dysli",
  TITLE =  "B3-5 Introduction aux éléments finis",
  JOURNAL = "École Polytechnique Fédérale de Lausanne; cycle postgrade: géologie appliquée à l'ingénierie et à l'environnement",
  keywords = {A}}
@ARTICLE {bib-Champ2,
  AUTHOR = "Laurent Champaney",
  TITLE =  "Problèmes spécifiques à la méthode des éléments finis",
  JOURNAL = "ENS Cachan;  Département génie mécanique, Laboratoire de mécanique et technologie",
  keywords = {A}}
@ARTICLE {bib-BlayoA,
  AUTHOR = "{\'Eric} Blayo",
  YEAR = "2010",
  TITLE =  "Notes de cours sur la méthode des éléments finis",
  JOURNAL = "M1 Mathématiques Appliquées et Industrielles, Laboratoire Jean Kuntzmann, Inria",
  keywords = {A}}
@BOOK {bib-Golub,
  AUTHOR = "{Gene H.} Golub and {Charles F.} van Loan",
  YEAR = "1996",
  TITLE =  "Matrix Computations, 3e ed",
  PUBLISHER = "Johns Hopkins University Press",
  keywords = {A}}
